@online{amssymb,
  author   = {{American Mathematical Society}},
  title    = {The amssymb package},
  edition  = {Ver.~3.0.1},
  type     = {M/OL},
  date     = {2013-01-14},
  url      = {https://ctan.org/pkg/amsfonts},
  urldate  = {2024-02-28},
  language = {english}
}

@online{biber,
  author   = {Kime, Philip and Charette, Fran\c{c}ois},
  title    = {Biber: A backend bibliography processor for biblatex},
  edition  = {Ver.~2.7},
  type     = {M/OL},
  date     = {2016-12-05},
  url      = {https://ctan.org/pkg/biber},
  urldate  = {2017-03-01},
  language = {english}
}

@online{biblatex,
  author   = {Lehman, Philipp},
  title    = {The biblatex Package: Programmable Bibliographies and Citations},
  edition  = {Ver.~3.7},
  type     = {M/OL},
  date     = {2016-11-16},
  url      = {https://ctan.org/pkg/biblatex},
  urldate  = {2017-03-01},
  language = {english}
}

@online{biblatex-caspervector,
  author   = {Vector, Casper Ti.},
  title    = {biblatex 参考文献和引用样式：caspervector},
  edition  = {Ver.~0.3.3},
  type     = {M/OL},
  date     = {2018-06-29},
  url      = {https://ctan.org/pkg/biblatex-caspervector},
  urldate  = {2018-07-02},
  language = {chinese}
}

@online{biblatex-gb7714-2015,
  author   = {胡振震},
  title    = {符合 GB/T 7714-2015 标准的 biblatex 参考文献样式},
  edition  = {Ver.~0.1w},
  type     = {M/OL},
  date     = {2021-01-19},
  url      = {https://ctan.org/pkg/biblatex-gb7714-2015},
  urldate  = {2021-03-04},
  language = {chinese}
}

@online{caption,
  author   = {Sommerfeldt, Alex},
  title    = {Customizing captions of floating environments},
  edition  = {Ver.~3.6},
  type     = {M/OL},
  date     = {2022-02-20},
  url      = {https://ctan.org/pkg/caption},
  urldate  = {2022-05-04},
  language = {english}
}

@online{ctex,
  author   = {{ctex.org}},
  title    = {\CTeX 宏集手册},
  edition  = {Ver.~2.4.8},
  type     = {M/OL},
  date     = {2017-02-23},
  url      = {https://ctan.org/pkg/ctex},
  urldate  = {2017-03-01},
  language = {chinese}
}

@online{enumitem,
  author   = {Bezos, Javier},
  title    = {Customizing lists with the enumitem package},
  edition  = {Ver.~3.5.2},
  type     = {M/OL},
  date     = {2011-09-28},
  url      = {https://ctan.org/pkg/enumitem},
  urldate  = {2017-03-01},
  language = {english}
}

@online{fancyhdr,
  author   = {van Oostrum, Piet},
  title    = {Page layout in \hologo{LaTeX}},
  edition  = {Ver.~3.8},
  type     = {M/OL},
  date     = {2016-09-06},
  url      = {https://ctan.org/pkg/fancyhdr},
  urldate  = {2017-03-01},
  language = {english}
}

@online{geometry,
  author   = {Umeki, Hideo},
  title    = {The geometry package},
  edition  = {Ver.~5.6},
  type     = {M/OL},
  date     = {2010-09-12},
  url      = {https://ctan.org/pkg/geometry},
  urldate  = {2017-03-01},
  language = {english}
}

@online{graphicx,
  author   = {Carlisle, D. P. and Rahtz, S. P. Q.},
  title    = {The graphicx package},
  edition  = {Ver.~1.2d},
  type     = {M/OL},
  date     = {2021-09-16},
  url      = {https://ctan.org/pkg/graphicx},
  urldate  = {2022-05-06},
  language = {english}
}

@online{hyperref,
  author   = {Rahtz, Sebastian and Oberdiek, Heiko},
  title    = {Hypertext marks in \hologo{LaTeX}: a manual for hyperref},
  edition  = {Ver.~6.82q},
  type     = {M/OL},
  date     = {2012-11},
  url      = {https://ctan.org/pkg/hyperref},
  urldate  = {2017-03-01},
  language = {english}
}

@online{psnfss,
  author   = {Schmidt, Walter},
  title    = {Using common PostScript fonts with \hologo{LaTeX}},
  edition  = {Ver.~9.3},
  type     = {M/OL},
  date     = {2020-03-25},
  url      = {https://ctan.org/pkg/psnfss},
  urldate  = {2022-05-06},
  language = {english}
}

@online{scrextend,
  author   = {Kohm, Markus},
  title    = {KOMA-Script: a versatile \hologo{LaTeX2e} bundle},
  edition  = {Ver.~3.35},
  type     = {M/OL},
  date     = {2021-11-13},
  url      = {https://ctan.org/pkg/koma-script},
  urldate  = {2022-05-04},
  language = {english}
}

@online{subcaption,
  author   = {Sommerfeldt, Alex},
  title    = {The subcaption package},
  edition  = {Ver.~1.1-75},
  type     = {M/OL},
  date     = {2013-04-16},
  url      = {https://ctan.org/pkg/subcaption},
  urldate  = {2017-03-01},
  language = {english}
}

@online{tikz,
  author   = {Till Tantau},
  title    = {The TikZ and PGF Packages},
  edition  = {Ver.~3.0.1a},
  type     = {M/OL},
  date     = {2015-08-29},
  url      = {https://ctan.org/pkg/pgf},
  urldate  = {2017-03-01},
  language = {english}
}

@online{tocloft,
  author   = {Robertson, Will},
  title    = {The tocloft package},
  edition  = {Ver.~2.3f},
  type     = {M/OL},
  date     = {2013-05-02},
  url      = {https://ctan.org/pkg/tocloft},
  urldate  = {2017-03-01},
  language = {english}
}

@online{ulem,
  author   = {Arseneau, Donald},
  title    = {The ulem package: underlining for emphasis},
  type     = {M/OL},
  date     = {2011-03-18},
  url      = {https://ctan.org/pkg/ulem},
  urldate  = {2017-03-01},
  language = {english}
}

@online{unicode-math,
  author   = {Robertson, Will and Stephani, Philipp and Wright, Joseph and Hosny, Khaled},
  title    = {Experimental Unicode mathematical typesetting: The unicode-math package},
  edition  = {Ver.~0.8q},
  type     = {M/OL},
  date     = {2020-01-31},
  url      = {https://ctan.org/pkg/unicode-math},
  urldate  = {2022-05-04},
  language = {english}
}

@online{pku-thesisguide,
  author   = {北京大学学位办公室},
  title    = {北京大学研究生学位论文写作指南},
  type     = {EB/OL},
  date     = {2018-03-01},
  url      = {https://grs.pku.edu.cn/xwgz11/xwsy11/bsxw111/clxz09/346374.htm},
  urldate  = {2024-03-07},
  language = {chinese}
}

@online{pku-thesiscover,
  author   = {北京大学学位办公室},
  title    = {关于完善研究生学位论文封面的通知},
  type     = {EB/OL},
  date     = {2024-02-28},
  url      = {https://grs.pku.edu.cn/xwgz11/xwsy11/bsxw111/gztz09/376720.htm},
  urldate  = {2024-03-07},
  language = {chinese}
}

@online{pku-originauth,
  author   = {北京大学研究生院},
  title    = {北京大学学位论文原创性声明和使用授权说明（末页限重新申请学位使用）},
  type     = {EB/OL},
  date     = {2014-04-16},
  url      = {http://grs.pku.edu.cn/document/20140416144734027222.doc},
  urldate  = {2015-04-26},
  language = {chinese}
}

@online{pku-thesisstyle,
  author   = {北京大学研究生院},
  title    = {博士研究生学位论文格式模板(2024)},
  type     = {EB/OL},
  date     = {2024-02-29},
  url      = {https://grs.pku.edu.cn/xwgz11/xwsy11/bsxw111/clxz09/346375.htm},
  urldate  = {2024-03-07},
  language = {chinese}
}

@online{casperpkuthss2011,
  title   = {pkuthss: LaTeX template for dissertations in Peking University},
  url     = {https://github.com/CasperVector/pkuthss},
  author  = {Casper Ti. Vector},
  year    = {2011}
}

@online{iofu728pkuthss2021,
  title   = {pkuthss: LaTeX template for dissertations in Peking University},
  url     = {https://github.com/iofu728/pkuthss},
  author  = {iofu728},
  year    = {2021}
}

@article{devlin2018bert,
  title   = {Bert: Pre-training of deep bidirectional transformers for language understanding},
  author  = {Devlin, Jacob and Chang, Ming-Wei and Lee, Kenton and Toutanova, Kristina},
  journal = {Proceedings of the 2019 Conference of the North {A}merican Chapter of the Association for Computational Linguistics: Human Language Technologies, Volume 1 (Long and Short Papers)},
  year    = {2019}
}

@inproceedings{yang2019xlnet,
  author    = {Yang, Zhilin and Dai, Zihang and Yang, Yiming and Carbonell, Jaime and Salakhutdinov, Russ R and Le, Quoc V},
  booktitle = {Advances in Neural Information Processing Systems},
  editor    = {H. Wallach and H. Larochelle and A. Beygelzimer and F. d\textquotesingle Alch\'{e}-Buc and E. Fox and R. Garnett},
  pages     = {},
  publisher = {Curran Associates, Inc.},
  title     = {XLNet: Generalized Autoregressive Pretraining for Language Understanding},
  url       = {https://proceedings.neurips.cc/paper/2019/file/dc6a7e655d7e5840e66733e9ee67cc69-Paper.pdf},
  volume    = {32},
  year      = {2019}
}

@book{gut2013probability,
  title     = {Probability: a graduate course},
  author    = {Gut, Allan},
  volume    = {75},
  year      = {2013},
  publisher = {Springer Science \& Business Media}
}

@book{liu2003uncertain,
  title     = {不确定规划及应用},
  author    = {刘宝碇},
  volume    = {1},
  year      = {2003},
  publisher = {清华大学出版社有限公司}
}

@book{qiu2020nndl,
  title     = {神经网络与深度学习},
  publisher = {机械工业出版社},
  year      = {2020},
  author    = {邱锡鹏},
  address   = {北京},
  isbn      = {9787111649687},
  url       = {https://nndl.github.io/}
}
